@book{CormenIntoAlg,
    author = "Cormen, T. H. and Leiserson, C. E. and Rivest, R. L.",
    title = "{I}ntroduction to {A}lgorithms",
    publisher = "MIT Press",
    year = "2009"
}

@misc{Graf,
    author = "Zacharovas, Vytas",
    title = "{G}rafų teorija",
    url = "https://klevas.mif.vu.lt/~vytzach/cgi-bin/grafu_teorija.pdf",
    year = "2018"
}

@article{erd6s1960evolution,
  title={On the evolution of random graphs},
  author={Erdős, Paul and R{\'e}nyi, Alfr{\'e}d},
  journal={Publ. Math. Inst. Hungar. Acad. Sci},
  volume={5},
  pages={17--61},
  year={1960},
  publisher={Citeseer}
}

@article{schmidt2013simple,
  title={A simple test on 2-vertex-and 2-edge-connectivity},
  author={Schmidt, Jens M},
  journal={Information Processing Letters},
  volume={113},
  number={7},
  pages={241--244},
  year={2013},
  publisher={Elsevier}
}